<?xml version="1.0" encoding="UTF-8"?><record xmlns="http://www.loc.gov/MARC21/slim" xmlns:cinclude="http://apache.org/cocoon/include/1.0" xmlns:zs="http://www.loc.gov/zing/srw/">
  <leader>00297nz  a2200121n  4500</leader>
  <controlfield tag="001">n  91110861 </controlfield>
  <controlfield tag="003">DLC</controlfield>
  <controlfield tag="005">19911030150632.3</controlfield>
  <controlfield tag="008">911030n| acannaab|          |n aaa |||  </controlfield>
  <datafield tag="010" ind1=" " ind2=" ">
    <subfield code="a">n  91110861 </subfield>
  </datafield>
  <datafield tag="040" ind1=" " ind2=" ">
    <subfield code="a">DLC</subfield>
    <subfield code="c">DLC</subfield>
  </datafield>
  <datafield tag="100" ind1="1" ind2="0">
    <subfield code="a">Lee, Cyrus A.</subfield>
  </datafield>
  <datafield tag="670" ind1=" " ind2=" ">
    <subfield code="a">His Soldat, c1988- :</subfield>
    <subfield code="b">v. 2, t.p. (Cyrus A. Lee)</subfield>
  </datafield>
</record>